

@article{Millan2004,
author = {del Mill\'{a}n, JR},
file = {:home/tster/Documents/uoe/semester2/dme/project/references/millan\_ijcnn04.pdf:pdf},
journal = {Neural Networks, 2004 IEEE International Joint Conference},
mendeley-groups = {edinburgh-courses/semester2/DME/project/references},
title = {{On the need for on-line learning in brain-computer interfaces}},
url = {http://ieeexplore.ieee.org/xpls/abs\_all.jsp?arnumber=1381116},
year = {2004}
}
