Automatically generated by Mendeley 1.9.2
Any changes to this file will be lost if it is regenerated by Mendeley.

@article{Lee2001a,
author = {Lee, D. T.},
file = {:home/tster/.local/share/data/Mendeley Ltd./Mendeley Desktop/Downloaded/Lee - 2001 - Interval, Segment, Range, and Priority Search Trees.pdf:pdf},
title = {{Interval, Segment, Range, and Priority Search Trees}},
year = {2001}
}
@article{Yao2009,
author = {Yao, Yiyu},
file = {:home/tster/.local/share/data/Mendeley Ltd./Mendeley Desktop/Downloaded/Yao, Ss - Unknown - Interval Sets and Interval-Set Algebras.pdf:pdf},
journal = {Cognitive Informatics, 2009. ICCI'09. 8th IEEE \ldots},
pages = {307--314},
title = {{Interval sets and interval-set algebras}},
url = {http://ieeexplore.ieee.org/xpls/abs\_all.jsp?arnumber=5250723},
year = {2009}
}
@book{Brock2004b,
author = {de Brock, E.O.},
file = {:home/tster/.local/share/data/Mendeley Ltd./Mendeley Desktop/Downloaded/Brock - 2004 - Operations on (ordered) interval sets.pdf:pdf},
keywords = {interval representation,interval set,minimal and maximal interval,nl,ordered interval set,realization in sql,rug,som,surface,visibility},
pages = {1--30},
title = {{Operations on (ordered) interval sets}},
url = {http://som.eldoc.ub.rug.nl/FILES/reports/themeA/2004/04A23/04A23.pdf},
year = {2004}
}
@article{Chiriaev1998,
author = {Chiriaev, Dmitri and Walster, GW},
file = {:home/tster/.local/share/data/Mendeley Ltd./Mendeley Desktop/Downloaded/Chiriaev, Walster - 1998 - Interval arithmetic specification.pdf:pdf},
journal = {Available from World Wide Web: http:// \ldots},
title = {{Interval arithmetic specification}},
url = {http://www-sbras.nsc.ru/interval/Programing/IASpecfn.pdf},
year = {1998}
}
@article{Eberly2008,
author = {Eberly, David},
file = {:home/tster/.local/share/data/Mendeley Ltd./Mendeley Desktop/Downloaded/Eberly - 2008 - Boolean Operations on Intervals and Axis-Aligned Rectangles.pdf:pdf},
pages = {1--6},
title = {{Boolean Operations on Intervals and Axis-Aligned Rectangles}},
year = {2008}
}
@book{Kulisch2009a,
author = {Kulisch, UW},
file = {:home/tster/.local/share/data/Mendeley Ltd./Mendeley Desktop/Downloaded/Kulisch - 2009 - Complete interval arithmetic and its implementation on the computer.pdf:pdf},
keywords = {arith-,computer arithmetic,floating-point arithmetic,interval arithmetic},
title = {{Complete interval arithmetic and its implementation on the computer}},
url = {http://link.springer.com/chapter/10.1007/978-3-642-01591-5\_2},
year = {2009}
}
@article{Rectangles,
author = {Rectangles, Region},
file = {:home/tster/.local/share/data/Mendeley Ltd./Mendeley Desktop/Downloaded/Rectangles - Unknown - Chapter 4 Region Algebra Implementation.pdf:pdf},
title = {{Chapter 4 Region Algebra Implementation}}
}
@article{Pageb,
author = {Page, Main},
file = {:home/tster/.local/share/data/Mendeley Ltd./Mendeley Desktop/Downloaded/Page - Unknown - openfst-1.2.6srcincludefstinterval-set.h.pdf:pdf},
pages = {1--7},
title = {openfst-1.2.6/src/include/fst/interval-set.h},
url = {http://www.openfst.org/doxygen/fst/html/interval-set\_8h\_source.html}
}
@article{KrzysztofR.Apt2007a,
author = {{Krzysztof R. Apt} and Zoeteweij, Peter},
file = {:home/tster/.local/share/data/Mendeley Ltd./Mendeley Desktop/Downloaded/Krzysztof R. Apt, Zoeteweij - 2007 - An analysis of arithmetic constraints on integer intervals.pdf:pdf},
journal = {Constraints},
number = {612},
pages = {1--44},
title = {{An analysis of arithmetic constraints on integer intervals}},
url = {http://link.springer.com/article/10.1007/s10601-007-9017-9},
year = {2007}
}
