Automatically generated by Mendeley 1.9.2
Any changes to this file will be lost if it is regenerated by Mendeley.

@article{Giannoudis2012,
author = {Giannoudis, By Jani},
file = {:home/tster/.local/share/data/Mendeley Ltd./Mendeley Desktop/Downloaded/Giannoudis - 2012 - Time Period Library for . NET.pdf:pdf},
pages = {1--34},
title = {{Time Period Library for . NET}},
year = {2012}
}
@article{Uphoff2010,
author = {Uphoff, Arne},
file = {:home/tster/Documents/bachelor-thesis-dump/quellen/visualization/Entwicklung einer Abstraktionsschicht zwischen Darstellungen, Eingabeformen und Datenquellen zur visuellen Analyse.pdf:pdf},
number = {April},
title = {{Entwicklung einer Abstraktionsschicht zwischen Darstellungen, Eingabeformen und Datenquellen zur visuellen Analyse}},
url = {http://oops.uni-oldenburg.de/1006/},
year = {2010}
}
@article{Package2013,
author = {Package, Type},
file = {:home/tster/.local/share/data/Mendeley Ltd./Mendeley Desktop/Downloaded/Package - 2013 - Package ‘ intervals ’.pdf:pdf},
title = {{Package ‘ intervals ’}},
year = {2013}
}
@article{Chiriaev1998,
author = {Chiriaev, Dmitri and Walster, GW},
file = {:home/tster/.local/share/data/Mendeley Ltd./Mendeley Desktop/Downloaded/Chiriaev, Walster - 1998 - Interval arithmetic specification.pdf:pdf},
journal = {Available from World Wide Web: http:// \ldots},
keywords = {interval sets,intervals},
mendeley-tags = {interval sets,intervals},
title = {{Interval arithmetic specification}},
url = {http://www-sbras.nsc.ru/interval/Programing/IASpecfn.pdf},
year = {1998}
}
@book{Keim2008,
author = {Keim, Daniel and Mansmann, Florian and Schneidewind, J},
file = {:home/tster/Documents/bachelor-thesis-dump/quellen/visualization/2008\_Keim\_Visual\_analytics.pdf:pdf},
pages = {76--90},
title = {{Visual analytics: Scope and challenges}},
url = {https://crawford.anu.edu.au/public\_policy\_community/content/doc/2008\_Keim\_Visual\_analytics.pdf http://link.springer.com/chapter/10.1007/978-3-540-71080-6\_6},
year = {2008}
}
@article{KrzysztofR.Apt2007,
author = {{Krzysztof R. Apt} and Zoeteweij, Peter},
file = {:home/tster/.local/share/data/Mendeley Ltd./Mendeley Desktop/Downloaded/Krzysztof R. Apt, Zoeteweij - 2007 - An analysis of arithmetic constraints on integer intervals.pdf:pdf},
journal = {Constraints},
number = {612},
pages = {1--44},
title = {{An analysis of arithmetic constraints on integer intervals}},
url = {http://link.springer.com/article/10.1007/s10601-007-9017-9},
year = {2007}
}
@article{Ma2010a,
author = {Ma, M},
file = {:home/tster/Documents/bachelor-thesis-dump/quellen/time-series/Multi-Resolution Indexing Method for Time Series.pdf:pdf},
number = {January},
title = {{Multi-resolution Indexing Method for Time Series}},
url = {http://scholar.google.com/scholar?hl=en\&btnG=Search\&q=intitle:Multi-Resolution+Indexing+Method+for+Time+Series+Mei+Ma\#0},
year = {2010}
}
@article{Hao2007,
author = {Hao, MC and Dayal, Umeshwar and Keim, Daniel and Schreck, Tobias},
file = {:home/tster/Documents/bachelor-thesis-dump/quellen/Multi-Resolution Techniques for Visual Exploration of Large Time-Series Data.pdf:pdf},
journal = {EuroVis},
keywords = {time series},
mendeley-tags = {time series},
pages = {1--8},
title = {{Multi-resolution techniques for visual exploration of large time-series data}},
url = {http://bib.dbvis.de/uploadedFiles/73.pdf},
year = {2007}
}
@article{Page,
author = {Page, Main},
file = {:home/tster/.local/share/data/Mendeley Ltd./Mendeley Desktop/Downloaded/Page - Unknown - fst IntervalSet T Class Template Reference.pdf:pdf},
pages = {1--5},
title = {{fst :: IntervalSet < T > Class Template Reference}},
url = {http://www.openfst.org/doxygen/fst/html/classfst\_1\_1\_interval\_set.html}
}
@article{Lee2001,
author = {Lee, D. T.},
file = {:home/tster/.local/share/data/Mendeley Ltd./Mendeley Desktop/Downloaded/Lee - 2001 - Interval, Segment, Range, and Priority Search Trees.pdf:pdf},
title = {{Interval, Segment, Range, and Priority Search Trees}},
year = {2001}
}
@article{Thomas2005,
author = {Thomas, JJ and Cook, KA},
file = {:home/tster/.local/share/data/Mendeley Ltd./Mendeley Desktop/Downloaded/Thomas, Cook - 2005 - Illuminating the path The research and development agenda for visual analytics.pdf:pdf},
title = {{Illuminating the path: The research and development agenda for visual analytics}},
url = {http://scholar.google.com/scholar?hl=en\&btnG=Search\&q=intitle:Illuminating+the+Path:+The+Research+and+Development+Agenda+for+Visual+Analytics\#0},
year = {2005}
}
@article{Skills2013,
author = {Skills, Programming and Programming, Functional},
file = {:home/tster/.local/share/data/Mendeley Ltd./Mendeley Desktop/Downloaded/Skills, Programming - 2013 - Homework 07 Interval Sets.pdf:pdf},
pages = {1--8},
title = {{Homework 07: Interval Sets}},
year = {2013}
}
@article{Pagea,
author = {Page, Main},
file = {:home/tster/.local/share/data/Mendeley Ltd./Mendeley Desktop/Downloaded/Page - Unknown - openfst-1.2.6srcincludefstinterval-set.h.pdf:pdf},
pages = {1--7},
title = {openfst-1.2.6/src/include/fst/interval-set.h}
}
@misc{Agarwal2005,
author = {Agarwal, Pankaj K.},
file = {:home/tster/.local/share/data/Mendeley Ltd./Mendeley Desktop/Downloaded/Agarwal - 2005 - Lecture 7 Segment , Interval , Priority-Search Trees.pdf:pdf},
keywords = {Intervals,Priority-Search Trees,Segment Trees},
mendeley-tags = {Intervals,Priority-Search Trees,Segment Trees},
pages = {1--8},
title = {{Lecture 7 : Segment , Interval , Priority-Search Trees}},
year = {2005}
}
@article{Geometry2012,
author = {Geometry, Boost and Register, Login},
file = {:home/tster/.local/share/data/Mendeley Ltd./Mendeley Desktop/Downloaded/Geometry, Register - 2012 - intersects vs . overlaps.pdf:pdf},
keywords = {disjoint,intersect,intervals,overlap},
mendeley-tags = {disjoint,intersect,intervals,overlap},
pages = {12--13},
title = {intersects vs . overlaps},
url = {http://boost-geometry.203548.n3.nabble.com/Suggestion-for-doc-intersects-vs-overlaps-td3725757.html},
year = {2012}
}
@article{Uphoff2010,
author = {Uphoff, Arne},
file = {:home/tster/Documents/bachelor-thesis-dump/quellen/visualization/Entwicklung einer Abstraktionsschicht zwischen Darstellungen, Eingabeformen und Datenquellen zur visuellen Analyse.pdf:pdf},
number = {April},
title = {{Entwicklung einer Abstraktionsschicht zwischen Darstellungen, Eingabeformen und Datenquellen zur visuellen Analyse}},
url = {http://oops.uni-oldenburg.de/1006/},
year = {2010}
}
@book{Kulisch2009,
author = {Kulisch, UW},
file = {:home/tster/.local/share/data/Mendeley Ltd./Mendeley Desktop/Downloaded/Kulisch - 2009 - Complete interval arithmetic and its implementation on the computer.pdf:pdf},
keywords = {arith-,computer arithmetic,floating-point arithmetic,interval arithmetic},
title = {{Complete interval arithmetic and its implementation on the computer}},
url = {http://link.springer.com/chapter/10.1007/978-3-642-01591-5\_2},
year = {2009}
}
@article{Carriquiry2011,
author = {Carriquiry, Alicia},
doi = {10.1007/SpringerReference\_6246},
file = {:home/tster/.local/share/data/Mendeley Ltd./Mendeley Desktop/Downloaded/Carriquiry - 2011 - Time series analysis.pdf:pdf},
keywords = {time series},
mendeley-tags = {time series},
title = {{Time series analysis}},
year = {2011}
}
@book{Brock2004,
annote = {        [b...e)        
b ∈ [b..e) and e ∉ [b..e)
left-closed, right-open intervals
        
        
        boundary points:
the begin point and e the end point of the interval [b..e)},
author = {de Brock, E.O.},
file = {:home/tster/.local/share/data/Mendeley Ltd./Mendeley Desktop/Downloaded/Brock - 2004 - Operations on (ordered) interval sets.pdf:pdf},
keywords = {interval representation,interval set,interval sets,intervals,minimal and maximal interval,nl,ordered interval set,realization in sql,rug,som,surface,visibility},
mendeley-tags = {interval sets,intervals},
pages = {1--30},
title = {{Operations on (ordered) interval sets}},
url = {http://som.eldoc.ub.rug.nl/FILES/reports/themeA/2004/04A23/04A23.pdf},
year = {2004}
}
