Automatically generated by Mendeley 1.9.2
Any changes to this file will be lost if it is regenerated by Mendeley.

@article{Uphoff2010,
author = {Uphoff, Arne},
file = {:home/tster/Documents/bachelor-thesis-dump/quellen/visualization/Entwicklung einer Abstraktionsschicht zwischen Darstellungen, Eingabeformen und Datenquellen zur visuellen Analyse.pdf:pdf},
number = {April},
title = {{Entwicklung einer Abstraktionsschicht zwischen Darstellungen, Eingabeformen und Datenquellen zur visuellen Analyse}},
url = {http://oops.uni-oldenburg.de/1006/},
year = {2010}
}
