Automatically generated by Mendeley 1.9.2
Any changes to this file will be lost if it is regenerated by Mendeley.

@book{Keim2008,
author = {Keim, Daniel and Mansmann, Florian and Schneidewind, J},
file = {:home/tster/Documents/bachelor-thesis-dump/quellen/visualization/2008\_Keim\_Visual\_analytics.pdf:pdf},
pages = {76--90},
title = {{Visual analytics: Scope and challenges}},
url = {https://crawford.anu.edu.au/public\_policy\_community/content/doc/2008\_Keim\_Visual\_analytics.pdf http://link.springer.com/chapter/10.1007/978-3-540-71080-6\_6},
year = {2008}
}
@article{Thomas2005,
author = {Thomas, JJ and Cook, KA},
file = {:home/tster/.local/share/data/Mendeley Ltd./Mendeley Desktop/Downloaded/Thomas, Cook - 2005 - Illuminating the path The research and development agenda for visual analytics.pdf:pdf},
title = {{Illuminating the path: The research and development agenda for visual analytics}},
url = {http://scholar.google.com/scholar?hl=en\&btnG=Search\&q=intitle:Illuminating+the+Path:+The+Research+and+Development+Agenda+for+Visual+Analytics\#0},
year = {2005}
}
@article{Uphoff2010,
author = {Uphoff, Arne},
file = {:home/tster/Documents/bachelor-thesis-dump/quellen/visualization/Entwicklung einer Abstraktionsschicht zwischen Darstellungen, Eingabeformen und Datenquellen zur visuellen Analyse.pdf:pdf},
number = {April},
title = {{Entwicklung einer Abstraktionsschicht zwischen Darstellungen, Eingabeformen und Datenquellen zur visuellen Analyse}},
url = {http://oops.uni-oldenburg.de/1006/},
year = {2010}
}
