Automatically generated by Mendeley 1.9.2
Any changes to this file will be lost if it is regenerated by Mendeley.

@article{Harvey1993,
author = {Harvey, Andrew C and Shephard, Neil},
file = {:home/tster/.local/share/data/Mendeley Ltd./Mendeley Desktop/Downloaded/Harvey, Shephard - 1993 - Structural Time Series Models .pdf:pdf},
number = {1989},
pages = {261--302},
title = {{Structural Time Series Models .}},
year = {1993}
}
@article{Ma2010,
author = {Ma, M},
file = {:home/tster/Documents/bachelor-thesis-dump/quellen/time-series/Multi-Resolution Indexing Method for Time Series.pdf:pdf},
number = {January},
title = {{Multi-resolution Indexing Method for Time Series}},
url = {http://scholar.google.com/scholar?hl=en\&btnG=Search\&q=intitle:Multi-Resolution+Indexing+Method+for+Time+Series+Mei+Ma\#0},
year = {2010}
}
@article{Carriquiry2011a,
author = {Carriquiry, Alicia},
doi = {10.1007/SpringerReference\_6246},
file = {:home/tster/.local/share/data/Mendeley Ltd./Mendeley Desktop/Downloaded/Carriquiry - 2011 - Time series analysis.pdf:pdf},
title = {{Time series analysis}},
year = {2011}
}
@article{Gerth2008,
author = {Gerth, John and Hanrahan, Pat},
doi = {10.1109/VAST.2008.4677357},
file = {:home/tster/.local/share/data/Mendeley Ltd./Mendeley Desktop/Downloaded/Gerth, Hanrahan - 2008 - Maintaining interactivity while exploring massive time series.pdf:pdf},
isbn = {978-1-4244-2935-6},
journal = {2008 IEEE Symposium on Visual Analytics Science and Technology},
month = oct,
pages = {59--66},
publisher = {Ieee},
title = {{Maintaining interactivity while exploring massive time series}},
url = {http://ieeexplore.ieee.org/lpdocs/epic03/wrapper.htm?arnumber=4677357},
year = {2008}
}
@article{Montani2013,
author = {Montani, Stefania and Leonardi, Giorgio and Bottrighi, Alessio and Portinale, Luigi and Terenziani, Paolo},
doi = {10.1109/TKDE.2011.264},
file = {:home/tster/.local/share/data/Mendeley Ltd./Mendeley Desktop/Downloaded/Montani et al. - 2013 - Supporting Flexible, Efficient, and User-Interpretable Retrieval of Similar Time Series.pdf:pdf},
issn = {1041-4347},
journal = {IEEE Transactions on Knowledge and Data Engineering},
month = mar,
number = {3},
pages = {677--689},
title = {{Supporting Flexible, Efficient, and User-Interpretable Retrieval of Similar Time Series}},
url = {http://ieeexplore.ieee.org/lpdocs/epic03/wrapper.htm?arnumber=6109259},
volume = {25},
year = {2013}
}
@article{Wills2000,
author = {Wills, Graham J},
file = {:home/tster/.local/share/data/Mendeley Ltd./Mendeley Desktop/Downloaded/Wills - Unknown - Natural Selection Interactive subset creation.pdf:pdf},
keywords = {brushing,exploratory data analysis,selection,taxonomy,visualization},
title = {{Natural Selection: Interactive subset creation}}
}
@phdthesis{NYKIEL2008,
abstract = {is compared against other existing solutions with respect to very large datasets. I also consider scalability issues and possible future extensions. Keywords: time-series databases, relational databases, similarity searches, SQL},
author = {NYKIEL, TOMASZ ROBERT},
file = {:home/tster/.local/share/data/Mendeley Ltd./Mendeley Desktop/Downloaded/NYKIEL - 2008 - Indexing in similarity searches in Time Series Data.pdf:pdf},
keywords = {SQL,relational databases,similarity searches,time-series databases},
mendeley-tags = {time-series databases},
number = {March},
pages = {116},
school = {YORK UNIVERSITY TORONTO, ONTARIO},
title = {{Indexing in similarity searches in Time Series Data}},
year = {2008}
}
@article{Ziegler2010,
author = {Ziegler, Hartmut and Jenny, Marco and Gruse, Tino and Keim, Daniel a.},
doi = {10.1109/VAST.2010.5652530},
file = {:home/tster/.local/share/data/Mendeley Ltd./Mendeley Desktop/Downloaded/Ziegler et al. - 2010 - Visual market sector analysis for financial time series data.pdf:pdf},
isbn = {978-1-4244-9488-0},
journal = {2010 IEEE Symposium on Visual Analytics Science and Technology},
keywords = {3,4,6,applications,computer,computing methodologies,explorative analysis,financial information visualization,h,i,index terms,information systems,time series clustering,time series data,visual analytics},
month = oct,
pages = {83--90},
publisher = {Ieee},
title = {{Visual market sector analysis for financial time series data}},
url = {http://ieeexplore.ieee.org/lpdocs/epic03/wrapper.htm?arnumber=5652530},
year = {2010}
}
@article{Hochheiser2004,
author = {Hochheiser, Harry and Shneiderman, Ben},
doi = {10.1057/palgrave.ivs.9500061},
file = {:home/tster/.local/share/data/Mendeley Ltd./Mendeley Desktop/Downloaded/Hochheiser, Shneiderman - 2004 - Dynamic query tools for time series data sets Timebox widgets for interactive exploration.pdf:pdf},
issn = {1473-8716},
journal = {Information Visualization},
keywords = {angular queries,bioinformatics,dynamic query,graphical user interfaces,series,temporal data,time,timeboxes,timesearcher,visual query},
number = {1},
pages = {1--18},
title = {{Dynamic query tools for time series data sets: Timebox widgets for interactive exploration}},
url = {http://ivi.sagepub.com/lookup/doi/10.1057/palgrave.ivs.9500061},
volume = {3},
year = {2004}
}
