
%@misc{Franssen2012,
    %author = {Marco Franssen},
    %title = {Writing modular JavaScript without polluting the global namespace (2012)}
    %howpublished = {\url{http://marcofranssen.nl/writing-modular-javascript-without-polluting-the-global-namespace/}},
%}
